<record><leader>00000cas a22000007a 4500</leader><controlfield tag="001">41545239</controlfield><controlfield tag="008">990615c19249999vauwr ne      0    0eng d</controlfield><datafield ind1=" " ind2=" " tag="010"><subfield code="a">sn 99066984 </subfield></datafield><datafield ind1=" " ind2=" " tag="040"><subfield code="a">NVK</subfield><subfield code="b">eng</subfield><subfield code="c">NVK</subfield><subfield code="d">NVK</subfield><subfield code="d">OCLCF</subfield><subfield code="d">OCLCO</subfield><subfield code="d">CUS</subfield></datafield><datafield ind1=" " ind2=" " tag="042"><subfield code="a">msc</subfield></datafield><datafield ind1="0" ind2=" " tag="130"><subfield code="a">Madison County eagle (Madison, Va.)</subfield></datafield><datafield ind1="0" ind2="0" tag="245"><subfield code="a">Madison County eagle.</subfield></datafield><datafield ind1=" " ind2=" " tag="260"><subfield code="a">Madison, Va. :</subfield><subfield code="b">[s.n.],</subfield><subfield code="c">1924-</subfield></datafield><datafield ind1=" " ind2=" " tag="300"><subfield code="a">v.</subfield></datafield><datafield ind1=" " ind2=" " tag="310"><subfield code="a">Weekly</subfield></datafield><datafield ind1="0" ind2=" " tag="362"><subfield code="a">Vol. 1, no. 1 (Jan. 4, 1924)= old ser., v.13-</subfield></datafield><datafield ind1=" " ind2=" " tag="500"><subfield code="a">Publisher varies: B.M. Bushong, 1933-1955; Basil Burke, Jr., 1955-&lt;1962&gt;; Green Publishers, Inc., &lt;1963&gt;-1984; Central Virginia Newspapers, Inc.,1984-1995; Virginia Newspapers, Inc., 1996-   .</subfield></datafield><datafield ind1=" " ind2=" " tag="500"><subfield code="a">Oct. 26, 1961 issue contains a reprint of the Southern Citizen, Apr. 19, 1861.</subfield></datafield><datafield ind1=" " ind2=" " tag="515"><subfield code="a">Includes volume numbering of Madison exponent through Dec. 1926.</subfield></datafield><datafield ind1=" " ind2=" " tag="525"><subfield code="a">Includes real estate and medical supplements.</subfield></datafield><datafield ind1=" " ind2=" " tag="530"><subfield code="a">Available on microfilm from Bell &amp; Howell, Micro Photo Div.; UMI and the Library of VIrginia.</subfield></datafield><datafield ind1=" " ind2="0" tag="651"><subfield code="a">Madison (Va.)</subfield><subfield code="v">Newspapers.</subfield></datafield><datafield ind1=" " ind2="0" tag="651"><subfield code="a">Madison County (Va.)</subfield><subfield code="v">Newspapers.</subfield></datafield><datafield ind1=" " ind2="7" tag="651"><subfield code="a">Virginia</subfield><subfield code="z">Madison.</subfield><subfield code="2">fast</subfield><subfield code="0">(OCoLC)fst01218570</subfield></datafield><datafield ind1=" " ind2="7" tag="651"><subfield code="a">Virginia</subfield><subfield code="z">Madison County.</subfield><subfield code="2">fast</subfield><subfield code="0">(OCoLC)fst01228486</subfield></datafield><datafield ind1=" " ind2="7" tag="655"><subfield code="a">Newspapers.</subfield><subfield code="2">fast</subfield><subfield code="0">(OCoLC)fst01423814</subfield></datafield><datafield ind1=" " ind2=" " tag="752"><subfield code="a">United States</subfield><subfield code="b">Virginia</subfield><subfield code="c">Madison</subfield><subfield code="d">Madison.</subfield></datafield><datafield ind1="0" ind2="0" tag="780"><subfield code="t">Madison exponent</subfield><subfield code="w">(DLC)sn 95079324</subfield></datafield><datafield ind1="4" ind2="1" tag="856"><subfield code="3">EBSCOhost: 12/11/2008 to 29/10/2009.</subfield><subfield code="u">http://search.ebscohost.com/login.aspx?direct=true&amp;db=nfh&amp;jn=Madison+County+Eagle+(VA)&amp;site=ehost-live&amp;scope=site</subfield></datafield><datafield ind1="1" ind2=" " tag="029"><subfield code="a">NZ1</subfield><subfield code="b">16072535</subfield></datafield></record>